@article{bard11,
  author  = {AI Jarrah and JF Bard},
  year    = {2011},
  title   = {Pickup and delivery network segmentation using
             contiguous geographic clustering},
  journal = {Journal of the Operational Research Society},
  volume  = {62},
  number  = {10},
  doi     = {10.1057/jors.2010.123}
}

@article{nazari19,
  author  = {Zahra Nazari and Masooma Nazari and Dongshik Kang},
  year    = {2019},
  title   = {A bottom-up hierarchical clustering algorithm with intersection points},
  journal = {International Journal of Innovative
             Computing, Information and Control},
  volume  = {15},
  number  = {1},
  doi     = {10.24507/ijicic.15.01.291}
}

@phdthesis{gallardo18,
  author = {Emilio Martín Gallardo},
  school = {Universidad Carlos III de Madrid},
  title  = {Técnicas de clustering aplicadas a la resolución de problemas de
            optimización combinatoria con restricciones espaciales y temporales},
  year   = {2018}
}